@article{Sample2000,
abstract = {Sample abstract Sample abstract Sample abstract.},
author = {Sample, Author and First, Author},
journal = {Sample journal},
keywords = {Sample keywords,Sample keywords,Sample keywords},
number = {10},
pages = {100--200},
title = {{Sample title}},
volume = {10},
year = {2000}
}

% 雑誌論文
@article{Laskar,
abstract = {Sample abstract Sample abstract Sample abstract.},
author = {J, Laskar and F, Joutel and P, Robutel},
journal = {Nature},
keywords = {},
number = {6413},
pages = {615--617},
title = {{Stabilization of the Earth's obliquity by the Moon}},
volume = {361},
year = {1993}
}

% Webサイト
@misc{discovery,
  title = {もし月がなかったら},
  author = {ディスカバリーチャンネル},
  howpublished = {\url{https://www.youtube.com/watch?v=M32VFb4C8Ks}},
  note = {Accessed: 2016-06-23}
}
